@article{austerjost2018introducing,
  title={Introducing a virtual assistant to the lab: A voice user interface for the intuitive control of laboratory instruments},
  author={Austerjost, Jonas and Porr, Marc and Riedel, Noah and Geier, Dominik and Becker, Thomas and Scheper, Thomas and Marquard, Daniel and Lindner, Patrick and Beutel, Sascha},
  journal={SLAS TECHNOLOGY: Translating Life Sciences Innovation},
  volume={23},
  number={5},
  pages={476--482},
  year={2018},
  publisher={SAGE Publications Sage CA: Los Angeles, CA}
}

@misc{ writer,
 	title = {LibreOffice Writer},
	howpublished = {Dosegljivo: \url{https://www.libreoffice.org/discover/writer/}},	
	note = {[Dostopano: 12. 8. 2020]},
	year = 2020,
}

@misc{ alexa,
 	title = {Amazon Alexa},
	howpublished = {Dosegljivo: \url{https://www.amazon.com/b?ie=UTF8\&node=17934671011}},	
	note = {[Dostopano: 12. 8. 2020]},
	year = 2020,
}

@misc{ xamarin,
 	title = {Xamarin},
	howpublished = {Dosegljivo: \url{https://dotnet.microsoft.com/apps/xamarin}},	
	note = {[Dostopano: 12. 8. 2020]},
	year = 2020,
}

@misc{ xampluginmedia,
 	title = {Xam.Plugin.Media},
	howpublished = {Dosegljivo: \url{https://github.com/jamesmontemagno/MediaPlugin}},	
	note = {[Dostopano: 12. 8. 2020]},
	year = 2020,
}

@misc{ alexaskills,
 	title = {Uvod v Alexa ''Skill-e''},
	howpublished = {Dosegljivo: \url{https://dotnet.microsoft.com/apps/xamarin}},	
	note = {[Dostopano: 12. 8. 2020]},
	year = 2020,
}
@misc{ sqs,
 	title = {Funkcionalnosti AWS SQS},
	howpublished = {Dosegljivo: \url{https://aws.amazon.com/sqs/features/}},	
	note = {[Dostopano: 12. 8. 2020]},
	year = 2020,
}
@misc{ lambda,
 	title = {Funkcionalnosti AWS Lambda},
	howpublished = {Dosegljivo: \url{https://aws.amazon.com/lambda/features/}},	
	note = {[Dostopano: 12. 8. 2020]},
	year = 2020,
}
% @misc{ mvvmimage,
%  	title = {Shema MVVM pristopa},
% 	howpublished = {Dosegljivo: \url{https://en.wikipedia.org/wiki/Model%E2\%80%93view%E2%80%93viewmodel#/media/File:MVVMPattern.png}},	
% 	note = {[Dostopano: 12. 8. 2020]},
% 	year = 2020,
% }
